
@book{dillon_introduction_2020,
	address = {Hoboken, NJ},
	edition = {3},
	title = {Introduction to {Sociological} {Theory}: {Theorists}, {Concepts}, and their {Applicabilityto} the {Twenty}-{First} {Century}},
	isbn = {978-1-119-41091-1},
	publisher = {Wiley-Blackwell},
	author = {Dillon, Michelle},
	year = {2020},
}
