
@incollection{brenner_beyond_2017,
	edition = {1},
	title = {Beyond {State}-{Centrism}? {Space}, {Territoriality}, and {Geographical} {Scale} in {Globalization} {Studies}},
	shorttitle = {Theory and {Methods}},
	url = {https://www.taylorfrancis.com/books/9781351879590},
	abstract = {An argument can be made that social science has been too geographical and not sufficiently historical, in the sense that geographical assumptions have trapped consideration of social and political-economic processes in geographical structures and containers that defy historical change.},
	language = {en},
	urldate = {2022-08-02},
	booktitle = {Theory and {Methods}: {Critical} {Essays} in {Human} {Geography}},
	publisher = {Routledge},
	author = {Brenner, Neil},
	editor = {Philo, Chris},
	month = may,
	year = {2017},
	doi = {10.4324/9781315236285},
	pages = {39--78},
	file = {brenner,n_beyond_statecentrism.pdf:/Users/macbookpro/Library/CloudStorage/OneDrive-CaliforniaStateUniversityChico/Fall 2022 Term/SOCI 375 - Global Problems/readings/brenner,n_beyond_statecentrism.pdf:application/pdf},
}

@incollection{robinson_theories_2008,
	address = {Germany},
	title = {Theories of {Globalization}},
	isbn = {978-0-470-76642-2},
	language = {en},
	booktitle = {The {Blackwell} {Companion} to {Globalization}},
	publisher = {Wiley-Blackwell},
	author = {Robinson, William I},
	editor = {Ritzer, George},
	year = {2008},
	pages = {125--143},
	file = {robinson,w_theoriesofglobalization.pdf:/Users/macbookpro/Library/CloudStorage/OneDrive-CaliforniaStateUniversityChico/Fall 2022 Term/SOCI 375 - Global Problems/readings/robinson,w_theoriesofglobalization.pdf:application/pdf},
}
